<collection xmlns="http://www.loc.gov/MARC21/slim">
<record>
  <leader>01313nam0a22002651i 450 </leader>
  <controlfield tag="001">IT\ICCU\CNCE\076711</controlfield>
  <controlfield tag="005">20111012000000.0</controlfield>
  <datafield tag="012" ind1=" " ind2=" ">
    <subfield code="a">++++ ++++ s,s. EgHa (3) 1522 (R)</subfield>
    <subfield code="2">fei</subfield>
  </datafield>
  <datafield tag="100" ind1=" " ind2=" ">
    <subfield code="a">20111010d1522        0itac0103    ba</subfield>
  </datafield>
  <datafield tag="101" ind1=" " ind2=" ">
    <subfield code="a">LAT</subfield>
  </datafield>
  <datafield tag="102" ind1=" " ind2=" ">
    <subfield code="a">IT</subfield>
  </datafield>
  <datafield tag="200" ind1="1" ind2=" ">
    <subfield code="a">Ex Plauti comoediis XX quarum carmina magna ex parte in mensum suum restituta sunt MDXXII. Index uerborum, quib. paulo abstrusiorib. Plautus utitur. Argumenta singularum comoediarum. Authoris uita. Tralatio \!! dictionum Graecarum</subfield>
  </datafield>
  <datafield tag="210" ind1=" " ind2=" ">
    <subfield code="e">Venetiis</subfield>
    <subfield code="g">in aedibus Aldi</subfield>
    <subfield code="h">et Andreae Asulani soceri</subfield>
    <subfield code="h">mense Iulio 1522</subfield>
  </datafield>
  <datafield tag="215" ind1=" " ind2=" ">
    <subfield code="a">\16!, 284 c.</subfield>
    <subfield code="d">4\</subfield>
  </datafield>
  <datafield tag="300" ind1=" " ind2=" ">
    <subfield code="a">ANNULLATO:  ̈37687</subfield>
  </datafield>
  <datafield tag="620" ind1=" " ind2=" ">
    <subfield code="a">IT</subfield>
    <subfield code="d">Venezia</subfield>
  </datafield>
  <datafield tag="700" ind1=" " ind2="1">
    <subfield code="a">Plautus,</subfield>
    <subfield code="b">Titus Maccius</subfield>
    <subfield code="3">IT\ICCU\CNCA\004487</subfield>
  </datafield>
  <datafield tag="712" ind1="0" ind2="0">
    <subfield code="a">Manuzio, Aldo &lt;1.&gt; - eredi &amp; Torresano, Andrea &lt;1.&gt;</subfield>
    <subfield code="3">IT\ICCU\CNCT\000194</subfield>
    <subfield code="4">650</subfield>
  </datafield>
  <datafield tag="790" ind1=" " ind2="1">
    <subfield code="a">Plautus,</subfield>
    <subfield code="b">Marcus Accius</subfield>
    <subfield code="3">IT\ICCU\CNCA\018634</subfield>
    <subfield code="z">Plautus, Titus Maccius</subfield>
  </datafield>
  <datafield tag="790" ind1=" " ind2="0">
    <subfield code="a">Plauto</subfield>
    <subfield code="3">IT\ICCU\CNCA\018635</subfield>
    <subfield code="z">Plautus, Titus Maccius</subfield>
  </datafield>
  <datafield tag="790" ind1=" " ind2="0">
    <subfield code="a">Plautus</subfield>
    <subfield code="3">IT\ICCU\CNCA\018636</subfield>
    <subfield code="z">Plautus, Titus Maccius</subfield>
  </datafield>
  <datafield tag="790" ind1=" " ind2="1">
    <subfield code="a">Plauto,</subfield>
    <subfield code="b">Marco Accio</subfield>
    <subfield code="3">IT\ICCU\CNCA\018637</subfield>
    <subfield code="z">Plautus, Titus Maccius</subfield>
  </datafield>
  <datafield tag="790" ind1=" " ind2="1">
    <subfield code="a">Plautus,</subfield>
    <subfield code="b">Marcus Actius</subfield>
    <subfield code="3">IT\ICCU\CNCA\022657</subfield>
    <subfield code="z">Plautus, Titus Maccius</subfield>
  </datafield>
  <datafield tag="801" ind1=" " ind2="3">
    <subfield code="a">IT</subfield>
    <subfield code="b">ICCU</subfield>
    <subfield code="c">20201115</subfield>
  </datafield>
  <datafield tag="899" ind1=" " ind2=" ">
    <subfield code="a">Biblioteca nazionale Marciana. Venezia</subfield>
    <subfield code="1">VE0049</subfield>
    <subfield code="2">VEA BM</subfield>
  </datafield>
</record>
</collection>
